@article{article0,
author = {Christophe, Anne and Dupoux, Emmanuel and Bertoncini, Josiane and Mehler, Jacques},
year = {1994},
month = {04},
pages = {1570-80},
title = {Do infants perceive word boundaries? An empirical study of the bootstrapping of lexical acquisition},
volume = {95},
journal = {The Journal of the Acoustical Society of America},
doi = {10.1121/1.408544}}

@article{article1,
author = {Liberman, A.M. and Cooper, F.S. and Shankweiler, Donald and Studdert-Kennedy, Michael},
year = {1967},
month = {12},
pages = {431-61},
title = {Perception of the Speech Code},
volume = {74},
journal = {Psychological review},
doi = {10.1037/h0020279}}

@article{article2,
author = {Shi, Rushen and Werker, Janet and L Morgan, James},
year = {1999},
month = {10},
pages = {B11-21},
title = {Newborn infants’ sensitivity to perceptual cues to lexical and grammatical words},
volume = {72},
journal = {Cognition},
doi = {10.1016/S0010-0277(99)00047-5}}

@article{article3,
author = {Marcus, G.F. and Vijayan, S and Bandi-Rao, Shoba and Vishton, Peter},
year = {1999},
month = {02},
pages = {77-80},
title = {Rule learning by seven-month-old infants},
volume = {283},
journal = {Science (New York, N.Y.)}}

@article{article4,
author = {Seidenberg, Mark and Mcclelland, James},
year = {1989},
month = {11},
pages = {523-68},
title = {A Distributed, Developmental Model of Word Recognition and Naming},
volume = {96},
journal = {Psychological review},
doi = {10.1037//0033-295X.96.4.523}}

@article{article5,
author = {Mintz, Toben and Newport, Elissa and Bever, Thomas},
year = {1997},
month = {02},
title = {Distributional Regularities Of Form Class in Speech to Young Children}}

@article{article6,
author = {Gillette, Jane and Gleitman, Henry and Gleitman, Lila and Lederer, Anne},
year = {2000},
month = {01},
pages = {135-76},
title = {Human Simulations of Vocabulary Learning},
volume = {73},
journal = {Cognition},
doi = {10.1016/S0010-0277(99)00036-0}}

@article{article7,
author = {Sansavini, Alessandra and Bertoncini, Josiane and Giovanelli, Giuliana},
year = {1997},
month = {02},
pages = {3-11},
title = {Newborns discriminate the rhythm of multisyllabic stressed words},
volume = {33},
journal = {Developmental psychology},
doi = {10.1037//0012-1649.33.1.3}}

@article{article8,
author = {L Gomez, Rebecca and Gerken, Louann},
year = {1999},
month = {04},
pages = {109-35},
title = {Artificial grammar learning by 1-year-olds leads to specific and abstract knowledge},
volume = {70},
journal = {Cognition},
doi = {10.1016/S0010-0277(99)00003-7}}

@article{article9,
author = {Smith, Linda and Yu, Chen},
year = {2008},
month = {04},
pages = {1558-68},
title = {Infants rapidly learn word-referent mappings via cross-situational statistics},
volume = {106},
journal = {Cognition},
doi = {10.1016/j.cognition.2007.06.010}}

@article{article10,
author = {Morton, John and H. Johnson, Mark},
year = {1991},
month = {05},
pages = {164-81},
title = {CONSPEC and CONLERN: a two-process theory of infant face recognition},
volume = {98},
journal = {Psychological review},
doi = {10.1037/0033-295X.98.2.164}}

@article{article11,
author = {Scott P. Johnson},
journal = {Cognitive Science},
volume = {2},
year = {2011},
month = {09},
pages = {515-28},
title = {Development of visual perception},
doi = {10.1002/wcs.128}}

@article{article12,
author = {Farroni, Teresa and MENON, ENRICA},
year = {2019},
month = {05},
title = {Visual Perception and Early Brain Development}}

@incollection{article13,
	author = {Mandy J. Maguire and Kathy Hirsh-Pasek and Roberta Michnick Golinkoff},
	booktitle = {Action Meets Word: How children learn verbs},
	title = {A Unified Theory of Word Learning: Putting Verb Acquisition in Context},
	publisher = {Oxford University Press},
	pages = {364-91},
	year = {2006},
	editor = {K. Hirsh-Pasek and R. M. Golinkoff},
	doi = {10.1093/acprof:oso/9780195170009.003.0015}}

@article{article14,
author = {Gleitman, Lila},
year = {1989},
month = {01},
title = {The Structural Sources of Verb Meaning},
volume = {1},
journal = {Language Acquisition},
doi = {10.1207/s15327817la0101_2}}

@unknown{article15,
author = {Oudeyer, Pierre-Yves and Kachergis, George and Schueller, William},
year = {2019},
month = {03},
title = {Computational and Robotic Models of Early Language Development: A Review}}

@incollection{article16,
	author = {Susan Carey},
	booktitle = {Linguistic Theory and Psychological Reality},
	title = {The Child as Word Learner},
	publisher = {MIT Press},
	pages = {264-93},
	year = {1978},
	editor = {M. Halle and J. Bresnan and G. A. Miller},
	address = {Cambridge, MA}}

@article{article17,
author = {H Suanda, Sumarga and Mugwanya, Nassali and L Namy, Laura},
year = {2014},
month = {07},
title = {Cross-Situational Statistical Word Learning in Young Children},
volume = {126},
journal = {Journal of experimental child psychology},
doi = {10.1016/j.jecp.2014.06.003}}

@article{article18,
author = {Yu, Chen and Smith, Linda},
year = {2007},
month = {06},
pages = {414-20},
title = {Rapid Word Learning Under Uncertainty via Cross-Situational Statistics},
volume = {18},
journal = {Psychological science},
doi = {10.1111/j.1467-9280.2007.01915.x}}

@article{article19,
author = {Siskind, Jeffrey},
year = {1996},
month = {10},
pages = {39-91},
title = {A computational study of cross-situational techniques for learning word-to-meaning mappings},
volume = {61},
journal = {Cognition},
doi = {10.1016/S0010-0277(96)00728-7}}

@article{article20,
author = {Smith, Kenny and Smith, Andrew and Blythe, Richard},
year = {2011},
month = {04},
pages = {480-498},
title = {Cross‐Situational Learning: An Experimental Study of Word‐Learning Mechanisms},
volume = {35},
journal = {Cognitive Science},
doi = {10.1111/j.1551-6709.2010.01158.x}}

@article{article21,
author = {Furbee, Louanna},
year = {1992},
month = {06},
pages = {120-121},
title = {Categorization and Naming in Children: Problems in Induction},
volume = {2},
journal = {Journal of Linguistic Anthropology - J LINGUIST ANTHROPOL},
doi = {10.1525/jlin.1992.2.1.120}}

@article{article22,
author = {Tomasello, Michael and Kruger, Ann},
year = {1992},
month = {07},
pages = {311-33},
title = {Joint attention on actions: Acquiring verbs in ostensive and non-ostensive contexts},
volume = {19},
journal = {Journal of child language},
doi = {10.1017/S0305000900011430}}

@article{article23,
  title={Infants’ Learning about Words and Sounds in Relation to Objects},
  author={Amanda L. Woodward and Karen L. Hoyne},
  journal={Child Development},
  year={1999},
  month = {01},
  volume={70 1},
  pages={65-77}}

@article{article24,
author = {Schafer, Graham and Plunkett, Kim},
year = {1998},
month = {05},
pages = {309-20},
title = {Rapid Word Learning by Fifteen-Month-Olds under Tightly Controlled Conditions},
volume = {69},
journal = {Child development},
doi = {10.2307/1132166}}

@article{article25,
author = {Fenson, Larry and Dale, Philip and Steven Reznick, J and Bates, Elizabeth and J. Thal, Donna and J. Pethick, Stephen},
year = {1994},
month = {02},
pages = {1-173; discussion 174},
title = {Variability in Early Communicative Development},
volume = {59},
journal = {Monographs of the Society for Research in Child Development},
doi = {10.2307/1166093}}

@article{article26,
author = {Mcmurray, Bob},
year = {2007},
month = {09},
pages = {631},
title = {Defusing the Childhood Vocabulary Explosion},
volume = {317},
journal = {Science (New York, N.Y.)},
doi = {10.1126/science.1144073}}

@article{article27,
author = {Bloom, Lois},
year = {2019},
month = {05},
title = {Language acquisition in its developmental context.}}

@book{article28,
author = {Bloom, Lois},
year = {1993},
month = {01},
title = {The Transition from Infancy to Language},
doi = {10.1017/CBO9780511752797}}

@article{article29,
author = {Smith, Linda and Yu, Chen and Pereira, Alfredo},
year = {2011},
month = {01},
pages = {9-17},
title = {Not your mother's view: The dynamics of toddler visual experience},
volume = {14},
journal = {Developmental science},
doi = {10.1111/j.1467-7687.2009.00947.x}}

@article{article30,
author = {Brent, Michael and Siskind, Jeffrey},
year = {2001},
month = {10},
pages = {B33-44},
title = {The role of exposure to isolated words in early vocabulary},
volume = {81},
journal = {Cognition},
doi = {10.1016/S0010-0277(01)00122-6}}

@article{article31,
author = {Carey, Susan and J. Bartlett, E},
year = {1978},
month = {01},
pages = {17-29},
title = {Acquiring a Single New Word},
volume = {15},
journal = {Proceedings of the Stanford Child Language Conference}}

@article{article32,
author = {Smith, Linda},
year = {2000},
month = {01},
pages = {},
title = {How to learn words: An associative crane},
journal = {Becoming a word learner: A debate on lexical acquisition}}

@article{article33,
author = {A. Baldwin, Dare},
year = {1993},
month = {09},
pages = {832-843},
title = {Early Referential Understanding: Infants' Ability to Recognize Referential Acts for What They Are},
volume = {29},
journal = {Developmental Psychology},
doi = {10.1037/0012-1649.29.5.832}}

@article{article34,
author = {Tomasello, Michael},
year = {2001},
month = {01},
title = {Perceiving intentions and learning words in the second year of life},
journal = {Language Acquisition and Conceptual Development, 132-158 (2000)},
doi = {10.1017/CBO9780511620669.007}}

@article{article35,
author = {M. Markman, Ellen},
year = {1990},
month = {03},
pages = {57-77},
title = {Constraints Children Place on Word Meanings},
volume = {14},
journal = {Cognitive Science},
doi = {10.1016/0364-0213(90)90026-S}}

@article{article36,
author = {MacNamara, John},
year = {1972},
month = {02},
pages = {1-13},
title = {The Cognitive Basis of Language Learning in Infants},
volume = {79},
journal = {Psychological review},
doi = {10.1037/h0031901}}

@article{article37,
author = {Clark, Eve},
year = {1987},
month = {01},
title = {The principle of contrast: A constraint on language acquisition},
journal = {Mechanisms of Language Acquisition}}

@article{article38,
author = {Baldwin, DA},
year = {1991},
month = {11},
pages = {875-90},
title = {Infants' Contribution to the Achievement of Joint Reference},
volume = {62},
journal = {Child development},
doi = {10.2307/1131140}}

@article{article39,
author = {A. Baldwin, Dare},
year = {1993},
month = {07},
pages = {395-418},
title = {Infants' ability to consult the speaker for clues to word reference},
volume = {20},
journal = {Journal of child language},
doi = {10.1017/S0305000900008345}}

@article{article40,
author = {Akhtar, Nameera and Tomasello, Michael},
year = {1996},
month = {03},
pages = {79-93},
title = {Two-year-olds learn words for absent objects and actions},
volume = {14},
journal = {British Journal of Developmental Psychology},
doi = {10.1111/j.2044-835X.1996.tb00695.x}}

@article{article41,
author = {M Scott, Rose and Fisher, Cynthia},
year = {2011},
month = {11},
pages = {163-80},
title = {2.5-Year-olds use cross-situational consistency to learn verbs under referential uncertainty},
volume = {122},
journal = {Cognition},
doi = {10.1016/j.cognition.2011.10.010}}

@article{article42,
author = {Chen, Chi-Hsin and Zhang, Yayun and Yu, Chen},
year = {2017},
month = {07},
title = {Learning Object Names at Different Hierarchical Levels Using Cross-Situational Statistics},
volume = {42 Suppl 2},
journal = {Cognitive Science},
doi = {10.1111/cogs.12516}}

@article{article43,
author = {Monaghan, Padraic and Mattock, Karen and Davies, Rob and Smith, Alastair},
year = {2014},
month = {10},
title = {Gavagai Is as Gavagai Does: Learning Nouns and Verbs From Cross-Situational Statistics},
volume = {39},
journal = {Cognitive Science},
doi = {10.1111/cogs.12186}}

@article{article44,
author = {C Frank, Michael and D Goodman, Noah and B Tenenbaum, Joshua},
year = {2009},
month = {05},
pages = {578-85},
title = {Using Speakers’ Referential Intentions to Model Early Cross-Situational Word Learning},
volume = {20},
journal = {Psychological science},
doi = {10.1111/j.1467-9280.2009.02335.x}}

@article{article45,
author = {Fazly, Afsaneh and Alishahi, Afra and Stevenson, Suzanne},
year = {2010},
month = {08},
pages = {1017-63},
title = {A Probabilistic Computational Model of Cross-Situational Word Learning},
volume = {34},
journal = {Cognitive science},
doi = {10.1111/j.1551-6709.2010.01104.x}}

@article{article46,
author = {Räsänen, Okko and Rasilo, Heikki},
year = {2015},
month = {10},
pages = {792–829},
title = {A Joint Model of Word Segmentation and Meaning Acquisition Through Cross-Situational Learning},
volume = {122},
journal = {Psychological Review},
doi = {10.1037/a0039702}}

@article{article47,
author = {Chen, Yuxin and Bordes, Jean-Baptiste and Filliat, David},
year = {2017},
month = {07},
pages = {1-1},
title = {Comparison studies on active cross-situational object-word learning using Non-Negative Matrix Factorization and Latent Dirichlet Allocation},
volume = {PP},
journal = {IEEE Transactions on Cognitive and Developmental Systems},
doi = {10.1109/TCDS.2017.2725304}}

@article{article48,
author = {Dedre, Gentner, Beranek, Bolt and Inc., Newman},
year = {1978},
month = {12},
pages = {988-98},
title = {On Relational Meaning: The Acquisition of Verb Meaning},
volume = {49},
journal = {Child Development}}

@article{article49,
author = {Dedre, Gentner, Beranek, Bolt and Inc., Newman},
year = {1981},
month = {12},
pages = {161-78},
title = {Some interesting differences between verbs and nouns},
volume = {4},
issue={2},
journal = {Cognition and Brain Theory}}

@article{article50,
author = {Letitia Naigles},
year = {1990},
month = {06},
pages = {357-74},
title = {Children use syntax to learn verb meanings},
volume = {17},
issue={2},
journal = {Journal of Child Language}}

@article{article51,
author = {Borensztajn, Gideon and Trehan, Vidhi},
year = {2006},
month = {01},
title = {Luc Steels, the Talking Heads Experiment and Cognitive Philosophy A tutorial accompanying the presentation in Current Issues PART II- The Talking Heads Experiment}}

@article{article52,
author = {D'Odorico, Laura and Fasolo, Mirco},
year = {2007},
month = {12},
pages = {891-907},
title = {Nouns and verbs in vocabulary acquisition of Italian children},
volume = {34},
journal = {Journal of child language},
doi = {10.1017/S0305000907008240}}

@article{article53,
author = {Grassmann, Susanne and Tomasello, Michael},
year = {2007},
month = {09},
pages = {677-87},
title = {Two-year-olds use primary sentence accent to learn new words},
volume = {34},
journal = {Journal of child language},
doi = {10.1017/S0305000907008021}}

@article{article54,
author = {Koleva, Yulia},
year = {2018},
month = {05},
title = {Do Learners use Different Strategies for Learning Concrete vs. Abstract Nouns and Verbs?},
volume = {134},
journal = {Culminating Projects in English},
url = {https://repository.stcloudstate.edu/engl_etds/134}}

@article{article55,
author = {Masoud Jasbi and Inbal Arnon},
year = {2012},
title = {Acquisition of Nouns Before Verbs: Evidence from Persian},
journal = {Child Language Acquisition},
url = {https://pdfs.semanticscholar.org/be12/9e1c139d741c14f08c583a3da23e6a16288a.pdf}}

@article{article56,
author = {Waxman, Sandra and Fu, Xiaolan and Arunachalam, Sudha and Leddon, Erin and Geraghty, Kathleen and Song, Hyun-joo},
year = {2013},
month = {09},
title = {Are Nouns Learned Before Verbs? Infants Provide Insight Into a Long-Standing Debate},
volume = {7},
journal = {Child development perspectives},
doi = {10.1111/cdep.12032}}

@article{article57,
author = {Bernal, Savita and Lidz, Jeffrey and Millotte, Séverine and Christophe, Anne},
year = {2007},
month = {08},
pages = {325-341},
title = {Syntax Constrains the Acquisition of Verb Meaning},
volume = {3},
journal = {Language Learning and Development},
doi = {10.1080/15475440701542609}}

@article{article58,
author = {Sunjing Ji},
year = {2009},
month = {10},
title = {The Acquisition of Verbs by English-learning Infants},
volume = {3},
journal = {Proceedings of the Arizona Linguistics Circle},
url = {http://www.u.arizona.edu/~sunjing/ALC3-ji1.pdf}}

@article{article59,
author = {C Frank, Michael and D Goodman, Noah and B Tenenbaum, Joshua},
year = {2009},
month = {05},
pages = {578-85},
title = {Using Speakers’ Referential Intentions to Model Early Cross-Situational Word Learning},
volume = {20},
journal = {Psychological science},
doi = {10.1111/j.1467-9280.2009.02335.x},
url = {http://langcog.stanford.edu/papers/FGT-psychscience2009.pdf}}

@book {article60,
	title = {Learnability and Cognition: The Acquisition of Argument Structure},
	year = {1989},
	publisher = {Cambridge, MA: MIT Press},
	organization = {Cambridge, MA: MIT Press},	
	author = {S Pinker}}

@book{article61,
author = {John Macnamara and Gonzalo E. Reyes},
title = {The Logical foundations of cognition},
year = {1994},
publisher = {Oxford University Press},
address = {New York},
isbn = {0-19-509216-3}}

@article {article62,
	title = {The Nature of Human Concepts/Evidence from an Unusual Source},
	journal = {Communication \& Cognition},
	volume = {29},
	number = {3/4},
	year = {1996},
	pages = {307-362},
	author = {Steven Pinker and Alan Prince}}

@article {article63,
	title = {Semantics and Cognition: An Introduction},
	journal = {LANGUAGE AND LINGUISTICS},
	volume = {4},
	number = {2},
	year = {2003},
	pages = {197-205},
	author = {Yuchau E. Hsiao}}

@article{article64,
author = {Charles Kemp and Joshua B. Tenenbaum and Sourabh Niyogi and Thomas L. Griffiths},
year = {2010},
month = {11},
pages = {165-96},
title = {A probabilistic model of theory formation},
volume = {114},
journal = {Cognition},
doi = {10.1016/j.cognition.2009.09.003}}

@article{article65,
author = {Romano, Francesco},
year = {2017},
month = {10},
pages = {026765831772942},
title = {The basic continuity hypothesis of L1 to L2 production},
volume = {34},
journal = {Second Language Research},
doi = {10.1177/0267658317729423}}

@article{article66,
title = "Distributional regularity and phonotactic constraints are useful for segmentation",
journal = "Cognition",
volume = "61",
number = "1",
pages = "93 - 125",
year = "1996",
note = "Compositional Language Acquisition",
issn = "0010-0277",
doi = "https://doi.org/10.1016/S0010-0277(96)00719-6",
url = "http://www.sciencedirect.com/science/article/pii/S0010027796007196",
author = "Michael R. Brent and Timothy A. Cartwright"}

@article{article67,
 ISSN = {00368075, 10959203},
 URL = {http://www.jstor.org/stable/1731010}, 
 author = {Peter D. Eimas and Einar R. Siqueland and Peter Jusczyk and James Vigorito},
 journal = {Science},
 number = {3968},
 pages = {303--306},
 publisher = {American Association for the Advancement of Science},
 title = {Speech Perception in Infants},
 volume = {171},
 year = {1971}}

@article{article68,
author = {Gervain, Judit and Mehler, Jacques},
title = {Speech Perception and Language Acquisition in the First Year of Life},
journal = {Annual Review of Psychology},
volume = {61},
number = {1},
pages = {191-218},
year = {2010},
doi = {10.1146/annurev.psych.093008.100408},
note ={PMID: 19575623},
URL = {https://doi.org/10.1146/annurev.psych.093008.100408},
eprint = {https://doi.org/10.1146/annurev.psych.093008.100408}}

@article{article69,
title = "Cross-language speech perception: Evidence for perceptual reorganization during the first year of life",
journal = "Infant Behavior and Development",
volume = "7",
number = "1",
pages = "49 - 63",
year = "1984",
issn = "0163-6383",
doi = "https://doi.org/10.1016/S0163-6383(84)80022-3",
url = "http://www.sciencedirect.com/science/article/pii/S0163638384800223",
author = "Janet F. Werker and Richard C. Tees",
keywords = "infants, speech perception, cross-language, decline"}

@article{article70,
title = "Facilitating the acquisition of syntax with cross-sentential cues to phrase structure",
journal = "Journal of Memory and Language",
volume = "28",
number = "3",
pages = "360 - 374",
year = "1989",
issn = "0749-596X",
doi = "https://doi.org/10.1016/0749-596X(89)90039-9",
url = "http://www.sciencedirect.com/science/article/pii/0749596X89900399",
author = "James L Morgan and Richard P Meier and Elissa L Newport"}

@article{article71,
title = "Word Segmentation: The Role of Distributional Cues",
journal = "Journal of Memory and Language",
volume = "35",
number = "4",
pages = "606 - 621",
year = "1996",
issn = "0749-596X",
doi = "https://doi.org/10.1006/jmla.1996.0032",
url = "http://www.sciencedirect.com/science/article/pii/S0749596X96900327",
author = "Jenny R. Saffran and Elissa L. Newport and Richard N. Aslin"}

@article{article72,
title = "Surface cues and robust inference as a basis for the early acquisition of subcategorization frames",
journal = "Lingua",
volume = "92",
pages = "433 - 470",
year = "1994",
issn = "0024-3841",
doi = "https://doi.org/10.1016/0024-3841(94)90349-2",
url = "http://www.sciencedirect.com/science/article/pii/0024384194903492",
author = "M.R. Brent"}

@inbook{article73, 
place={Cambridge}, 
title={Where learning begins: initial representations for language learning}, 
volume={3}, DOI={10.1017/CBO9780511621062.007}, 
booktitle={Linguistics: The Cambridge Survey}, 
publisher={Cambridge University Press}, 
author={Gleitman, Lila R. and Gleitman, Henry and Landau, Barbara and Wanner, Eric}, 
editor={Newmeyer, Frederick J.Editor}, 
year={1988}, 
pages={150–193}}

@article{article74,
  title={Visual statistical learning in infancy: evidence for a domain general learning mechanism},
  author={Natasha Z. Kirkham and Jonathan A. Slemmer and Scott P. Johnson},
  journal={Cognition},
  year={2002},
  volume={83},
  pages={b35-b42}}

@article{article75,
  title={Statistical learning by 8-month-old infants.},
  author={Jenny R. Saffran and Richard N. Aslin and Elissa L. Newport},
  journal={Science},
  year={1996},
  volume={274 5294},
  pages={1926-8}}

@incollection{article76,
	author = {W. V. Quine},
	booktitle = {From a Logical Point of View},
	title = {On What There Is},
	publisher = {Cambridge, Mass.: Harvard University Press},
	pages = {1--19},
	year = {1953},
	editor = {W. V. Quine}}

@article{article77,
	journal = {Philosophy and Phenomenological Research},
	author = {W. V. Quine},
	volume = {22},
	pages = {115--116},
	number = {1},
	doi = {10.2307/2104619},
	year = {1961},
	title = {Word and Object},
	publisher = {International Phenomenological Society}}

@article{article78,
  title={Newborns' preference for faces: what is crucial?},
  author={Chiara Turati and F. Anthony Simion and Idanna Milani and Carlo Umilta},
  journal={Developmental psychology},
  year={2002},
  volume={38 6},
  pages={875-82}}

@article{article79,
title = {Two-year-olds learn novel nouns, verbs, and conventional actions from massed or distributed exposures},
year = {2002},
month = {11},
author = {Jane B. Childers and Michael Tomasello},
journal = {Developmental Psychology},
volume = {38 6},
pages = {967-78}}

@INPROCEEDINGS{article80, 
author={Y. {Chen} and D. {Filliat}}, 
booktitle={2015 Joint IEEE International Conference on Development and Learning and Epigenetic Robotics (ICDL-EpiRob)}, 
title={Cross-situational noun and adjective learning in an interactive scenario}, 
year={2015}, 
pages={129-134}, 
doi={10.1109/DEVLRN.2015.7346129}, 
month={Aug}}

@article{article81,
author = {Kachergis, George and Yu, Chen and Shiffrin, Richard M.},
title = {Actively Learning Object Names Across Ambiguous Situations},
journal = {Topics in Cognitive Science},
volume = {5},
number = {1},
pages = {200-213},
doi = {10.1111/tops.12008},
url = {https://onlinelibrary.wiley.com/doi/abs/10.1111/tops.12008},
eprint = {https://onlinelibrary.wiley.com/doi/pdf/10.1111/tops.12008},
year = {2013}}

@article{article82,
title = "How could a child use verb syntax to learn verb semantics?",
journal = "Lingua",
volume = "92",
pages = "377 - 410",
year = "1994",
issn = "0024-3841",
doi = "https://doi.org/10.1016/0024-3841(94)90347-6",
url = "http://www.sciencedirect.com/science/article/pii/0024384194903476",
author = "Steven Pinker"}

@book{article83,
  author    = {Paul Bloom}, 
  title     = {How children learn the meanings of words : Paul Bloom},
  publisher = {MIT Press},
  year      = {1963},
  address   = {Cambridge, MA},
  isbn      = {9780262523295},
  url = {http://hdl.handle.net/2027/heb.08415.0001.001}}

@book{article84,
  author    = {Burrhus F. Skinner}, 
  title     = {Verbal behavior},
  publisher = {Appleton-Century-Crofts},
  year      = {1957},
  series    = {Century psychology series},
  address   = {New York}}

@INPROCEEDINGS{article85, 
author={Elsa Jaffe Bartlett}, 
booktitle={Biennial Meeting of the Society for Research in Child Development}, 
title={Semantic Organization and Reference: Acquisition of Two Aspects of the Meaning of Color Terms}, 
year={1977},
month={03},
address = {New Orleans, LA}}

@article{article86,
author = {Nameera Akhtar and Lisa Montague},
title ={Early lexical acquisition: the role of cross-situational learning},
journal = {First Language},
volume = {19},
number = {57},
pages = {347-358},
year = {1999},
doi = {10.1177/014272379901905703},
URL = {https://doi.org/10.1177/014272379901905703},
eprint = {https://doi.org/10.1177/014272379901905703}}

@incollection{article87,
title = "Mechanisms of Cross-situational Learning: Behavioral and Computational Evidence",
editor = "Janette B. Benson",
series = "Advances in Child Development and Behavior",
publisher = "JAI",
volume = "56",
pages = "37 - 63",
year = "2019",
issn = "0065-2407",
doi = "https://doi.org/10.1016/bs.acdb.2019.01.001",
url = "http://www.sciencedirect.com/science/article/pii/S0065240719300011",
author = "Yayun Zhang and Chi-hsin Chen and Chen Yu",
chapter = "2"}

@phdthesis{article88,
  title={Mechanisms for cross-situational learning of word-referent mappings: Empirical and modeling evidence},
  author={Kachergis, George},
  year={2012},
  school={Indiana University}}

@article{article89,
title = "Constraints on word meaning in early language acquisition",
journal = "Lingua",
volume = "92",
pages = "199 - 227",
year = "1994",
issn = "0024-3841",
doi = "https://doi.org/10.1016/0024-3841(94)90342-5",
url = "http://www.sciencedirect.com/science/article/pii/0024384194903425",
author = "Ellen M. Markman"}

@article{article90,
	doi = {10.1111/j.1551-6709.2011.1226.x},
	title = {Exploring the Robustness of Cross-Situational Learning Under Zipfian Distributions},
	year = {2012},
	author = {Paul Vogt},
	journal = {Cognitive Science},
	pages = {726--739},
	number = {4},
	volume = {36}}

@article{article91,
  title={Acquisition of word-object associations by 14-month-old infants.},
  author={Janet F. Werker and Leslie B. Cohen and Vicki Lloyd and Marianella Casasola and Christine Louise Stager},
  journal={Developmental psychology},
  year={1998},
  volume={34 6},
  pages={1289-309}}

@inproceedings{article92,
author = {Woodward, Amanda and MARKMAN, EM and FITZSIMMONS, CM},
year = {1994},
month = {07},
pages = {553-566},
title = {Rapid Word Learning in 13- and 18-Month-Olds},
volume = {30},
journal = {Developmental Psychology},
doi = {10.1037//0012-1649.30.4.553}}

@incollection{article93,
title = "Chapter Three - How the Acquisition of Nouns May Be Different from That of Verbs",
editor = "Norman A. Krasnegor and Duane M. Rumbaugh and Richard L. Schiefelbusch and Michael Studdert-Kennedy and Esther Thelen",
publisher = "Lawrence Erlbaum Associates, Inc.",
booktitle = "Biological and behavioral determinants of language development",
edition = "1st",
year = "1991",
pages = "67-88",
address = "Hillsdale, NJ, US",
doi = "https://doi.org/10.4324/9781315807553",
author = "Michael P. Maratsos"}

@article{article94,
title = "Spoken word recognition and lexical representation in very young children",
journal = "Cognition",
volume = "76",
number = "2",
pages = "147 - 166",
year = "2000",
issn = "0010-0277",
doi = "https://doi.org/10.1016/S0010-0277(00)00081-0",
url = "http://www.sciencedirect.com/science/article/pii/S0010027700000810",
author = "Daniel Swingley and Richard N Aslin"}

@incollection{article95,
title = "Early Word Learning",
booktitle = "The Oxford Handbook of Cognitive Psychology",
editor = "Daniel Reisberg",
publisher = "Oxford University Press",
year = "2013",
doi = "10.1093/oxfordhb/9780195376746.013.0031",
author = "Melissa Koenig and Caitlin Cole"}

@article{article96,
title = "When it is better to receive than to give: Syntactic and conceptual constraints on vocabulary growth",
journal = "Lingua",
volume = "92",
pages = "333 - 375",
year = "1994",
issn = "0024-3841",
doi = "https://doi.org/10.1016/0024-3841(94)90346-8",
url = "http://www.sciencedirect.com/science/article/pii/0024384194903468",
author = "Cynthia Fisher and D.Geoffrey Hall and Susan Rakowitz and Lila Gleitman"}

@article{article97,
title = "Children's use of mutual exclusivity to constrain the meanings of words",
journal = "Cognitive Psychology",
volume = "20",
number = "2",
pages = "121 - 157",
year = "1988",
issn = "0010-0285",
doi = "https://doi.org/10.1016/0010-0285(88)90017-5",
url = "http://www.sciencedirect.com/science/article/pii/0010028588900175",
author = "Ellen M Markman and Gwyn F Wachtel"}

@article{article98,
 ISSN = {00093920, 14678624},
 URL = {http://www.jstor.org/stable/1131285},
 author = {Carolyn B. Mervis and Jacquelyn Bertrand},
 journal = {Child Development},
 number = {6},
 pages = {1646--1662},
 publisher = {[Wiley, Society for Research in Child Development]},
 title = {Acquisition of the Novel Name-Nameless Category (N3C) Principle},
 volume = {65},
 year = {1994}}

@article{article99,
title = "Two-year-olds use pragmatic cues to differentiate reference to objects and actions",
journal = "Cognitive Development",
volume = "10",
number = "2",
pages = "201 - 224",
year = "1995",
issn = "0885-2014",
doi = "https://doi.org/10.1016/0885-2014(95)90009-8",
url = "http://www.sciencedirect.com/science/article/pii/0885201495900098",
author = "Michael Tomasello and Nameera Akhtar"}

@article{article100,
 ISSN = {00093920, 14678624},
 URL = {http://www.jstor.org/stable/1130423},
 author = {Michael Tomasello and Michael Jeffrey Farrar},
 journal = {Child Development},
 number = {6},
 pages = {1454--1463},
 publisher = {[Wiley, Society for Research in Child Development]},
 title = {Joint Attention and Early Language},
 volume = {57},
 year = {1986}}

@article{article101,
  title={Looking in the Wrong Direction Correlates With More Accurate Word Learning},
  author={Stanka A. Fitneva and Morten H. Christiansen},
  journal={Cognitive science},
  year={2011},
  volume={35 2},
  pages={367-80}}

@inproceedings{article102,
  title={Local statistical learning under cross-situational uncertainty},
  author={Luca Onnis and Shimon Edelman and Heidi Waterfall},
  booktitle={CogSci},
  year={2011}}

@article{article103,
title = "The role of reference in cross-situational word learning",
journal = "Cognition",
volume = "170",
pages = "64 - 75",
year = "2018",
issn = "0010-0277",
doi = "https://doi.org/10.1016/j.cognition.2017.09.006",
url = "http://www.sciencedirect.com/science/article/pii/S0010027717302433",
author = "Felix Hao Wang and Toben H. Mintz"}

@inproceedings{article104,
title = "Adults Track Multiple Hypotheses Simultaneously during Word Learning",
author = "Suzanne Aussems and Paul Vogt",
year = "2015",
language = "English",
booktitle = "Proceedings of the 37th Annual Conference of the Cognitive Science Society"}



@article{article105,
  title={A Bootstrapping Model of Frequency and Context Effects in Word Learning},
  author={George Kachergis and Chen Yu and Richard M. Shiffrin},
  journal={Cognitive science},
  year={2017},
  volume={41 3},
  pages={590-622}}

@inproceedings{article106,
  title={MCA-NMF: Multimodal Concept Acquisition with Non-Negative Matrix Factorization},
  author={Olivier Mangin and David Filliat and Louis ten Bosch and Pierre-Yves Oudeyer and Eleni Vasilaki},
  booktitle={PloS one},
  year={2015}}

@article {article107,
	author = {Medina, Tamara Nicol and Snedeker, Jesse and Trueswell, John C. and Gleitman, Lila R.},
	title = {How words can and cannot be learned by observation},
	volume = {108},
	number = {22},
	pages = {9014--9019},
	year = {2011},
	doi = {10.1073/pnas.1105040108},
	publisher = {National Academy of Sciences},
	issn = {0027-8424},
	URL = {https://www.pnas.org/content/108/22/9014},
	eprint = {https://www.pnas.org/content/108/22/9014.full.pdf},
	journal = {Proceedings of the National Academy of Sciences}}

@incollection{article108,
title = "Why nouns are learned before verbs: linguistic relativity versus natural partitioning",
booktitle = "Language development: Language, thought and culture",
volume="2",
editor = "Stan A. Kuczaj II",
publisher = "Lawrence Erlbaum Associates, Inc.",
year = "1982",
author = "Dedre, Gentner, Beranek, Bolt and Inc., Newman"}

@article{article109,
author = {Hall, D. Geoffrey},
title = {Acquiring proper nouns for familiar and unfamiliar animate objects: two-year-olds' word-learning biases},
journal = {Child Development},
volume = {62},
number = {5},
pages = {1142-1154},
doi = {10.1111/j.1467-8624.1991.tb01595.x},
url = {https://onlinelibrary.wiley.com/doi/abs/10.1111/j.1467-8624.1991.tb01595.x},
eprint = {https://onlinelibrary.wiley.com/doi/pdf/10.1111/j.1467-8624.1991.tb01595.x},
year = {1991}}

@article{article110,
author = {Hall, D. Geoffrey and Waxman, Sandra R. and Hurwitz, Wendy M.},
title = {How two- and four-year-old children interpret adjectives and count nouns},
journal = {Child Development},
volume = {64},
number = {6},
pages = {1651-1664},
doi = {10.1111/j.1467-8624.1993.tb04205.x},
url = {https://onlinelibrary.wiley.com/doi/abs/10.1111/j.1467-8624.1993.tb04205.x},
eprint = {https://onlinelibrary.wiley.com/doi/pdf/10.1111/j.1467-8624.1993.tb04205.x},
year = {1993}}

@inproceedings{article111,
author = {Pye,Clifton,  Loeb, Diane Frome, Redmond, Sean, and Richardson, Lori Zobel},
year = {1995},
pages = {60-70},
title = { When Do Children Acquire Verbs?},
booktitle = {The Proceedings of the Twenty-sixth Annual Child Language Research Forum},
doi = {10.1037//0012-1649.30.4.553},
publisher = { Stanford: Center for the Study of Language and Information}}

@article{article112,
title = "Recognition of words referring to present and absent objects by 24-month-olds",
journal = "Journal of Memory and Language",
volume = "46",
number = "1",
pages = "39 - 56",
year = "2002",
issn = "0749-596X",
doi = "https://doi.org/10.1006/jmla.2001.2799",
url = "http://www.sciencedirect.com/science/article/pii/S0749596X01927998",
author = "Daniel Swingley and Anne Fernald",
keywords = "word recognition, language acquisition, child, visual fixation, lexicon."}

@BOOK {article113,
ADDRESS="Berlin",
AUTHOR="Steels, Luc",
PUBLISHER="Language Science Press",
TITLE="The talking heads experiment: origins of words and meanings",
YEAR="2015",
isbn="978-3-944675-42-8",
series="Computational Models of Language Evolution 1"}

@article{article114,
    author = {Gideon Borensztajn},
    title = {Luc Steels, the Talking Heads Experiment and Cognitive Philosophy A tutorial accompanying the presentation in Current Issues PART I- Philosophical Background},
    year = {2006}}

@inbook{article115,
author = {Deák, Gedeon O.},
year = {2014},
month = {01},
pages = {284-291},
title = {Interrelations of language and cognitive development},
isbn = {1452258767}}

@article{article116,
title = "Twenty four-month-old infants’ interpretations of novel verbs and nouns in dynamic scenes",
journal = "Cognitive Psychology",
volume = "59",
number = "1",
pages = "67 - 95",
year = "2009",
issn = "0010-0285",
doi = "https://doi.org/10.1016/j.cogpsych.2009.02.001",
url = "http://www.sciencedirect.com/science/article/pii/S0010028509000061",
author = "Sandra R. Waxman and Jeffrey L. Lidz and Irena E. Braun and Tracy Lavin",
keywords = "Language acquisition, Word learning, Concept development"}

@inbook{article117,
title = "Early acquisition of nouns and verbs: Evidence from Navajo",
author = "Dedre Gentner and Lera Boroditsky",
year = "2009",
language = "English",
pages = "5--36",
editor = "{Mueller Gathercole}, {Virginia C}",
booktitle = "Routes to Language: Studies in honor of Melissa Bowerman",
publisher = "Psychology Press"}

@article{article118,
author = {Akhtar, Nameera and Gernsbacher, Morton Ann},
title = {Joint Attention and Vocabulary Development: A Critical Look},
journal = {Language and Linguistics Compass},
volume = {1},
number = {3},
pages = {195-207},
doi = {10.1111/j.1749-818X.2007.00014.x},
url = {https://onlinelibrary.wiley.com/doi/abs/10.1111/j.1749-818X.2007.00014.x},
eprint = {https://onlinelibrary.wiley.com/doi/pdf/10.1111/j.1749-818X.2007.00014.x},
year = {2007}}

@article{article119,
title = "A critical period for second language acquisition: Evidence from 2/3 million English speakers",
journal = "Cognition",
volume = "177",
pages = "263 - 277",
year = "2018",
issn = "0010-0277",
doi = "https://doi.org/10.1016/j.cognition.2018.04.007",
url = "http://www.sciencedirect.com/science/article/pii/S0010027718300994",
author = "Joshua K. Hartshorne and Joshua B. Tenenbaum and Steven Pinker",
keywords = "Language acquisition, Critical period, L2 acquisition"}

@article{article120,
author = {Letitia Naigles},
title ={Learnability and Cognition: The Acquisition of Argument Structure},
journal = {Language and Speech},
volume = {34},
number = {1},
pages = {63-79},
year = {1991},
doi = {10.1177/002383099103400105},
URL = {https://doi.org/10.1177/002383099103400105},
eprint = {https://doi.org/10.1177/002383099103400105}}

@article{article121,
    author = {Ray Jackendoff},
    title = {Parts and boundaries},
	journal = {Cognition},
	volume = {41},
    year = {1991},
	pages = {9-45}}

@article{article122,
author = {MANZINI, M. RITA},
title = {Review: Learnability and Cognition},
journal = {Mind \& Language},
volume = {6},
number = {4},
pages = {382-385},
doi = {10.1111/j.1468-0017.1991.tb00264.x},
url = {https://onlinelibrary.wiley.com/doi/abs/10.1111/j.1468-0017.1991.tb00264.x},
eprint = {https://onlinelibrary.wiley.com/doi/pdf/10.1111/j.1468-0017.1991.tb00264.x},
year = {1991}}

@article{article123,
    author = {Lloyd K. Komatsu},
    title = {Recent views on conceptual structure},
    journal = {Psychological Bulletin},
	volume = {112},
	issue = {3},
    year = {1992},
    pages = {500--526}}

@article{article124,
author = {Michael Tomasello},
title ={Culture and Cognitive Development},
journal = {Current Directions in Psychological Science},
volume = {9},
number = {2},
pages = {37-40},
year = {2000},
doi = {10.1111/1467-8721.00056},
URL = {https://doi.org/10.1111/1467-8721.00056},
eprint = {https://doi.org/10.1111/1467-8721.00056}}

@article{article125,
author = {Hoff, Erika and Naigles, Letitia},
title = {How Children Use Input to Acquire a Lexicon},
journal = {Child Development},
volume = {73},
number = {2},
pages = {418-433},
doi = {10.1111/1467-8624.00415},
url = {https://onlinelibrary.wiley.com/doi/abs/10.1111/1467-8624.00415},
eprint = {https://onlinelibrary.wiley.com/doi/pdf/10.1111/1467-8624.00415},
year = {2002}}

@article{article126,
    author = {George Hollich and Roberta M. Golinkoff and Kathy Hirsh-Pasek},
    title = {Young children associate novel words with complex objects rather than salient parts},
	journal = {Developmental Psychology},
	volume = {43},
	number = {5},
	pages = {1051–1061},
    year = {2007},
	doi = {10.1037/0012-1649.43.5.1051}}

@article{article127,
author = {Arunachalam, Sudha and Waxman, Sandra R.},
title = {Language and conceptual development},
journal = {Wiley Interdisciplinary Reviews: Cognitive Science},
volume = {1},
number = {4},
pages = {548-558},
doi = {10.1002/wcs.37},
url = {https://onlinelibrary.wiley.com/doi/abs/10.1002/wcs.37},
eprint = {https://onlinelibrary.wiley.com/doi/pdf/10.1002/wcs.37},
year = {2010}}

@article{article128,
title = "Conceptual representations in mind and brain: Theoretical developments, current evidence and future directions",
journal = "Cortex",
volume = "48",
number = "7",
pages = "805 - 825",
year = "2012",
note = "Language and the Motor System",
issn = "0010-9452",
doi = "https://doi.org/10.1016/j.cortex.2011.04.006",
url = "http://www.sciencedirect.com/science/article/pii/S0010945211001018",
author = "Markus Kiefer and Friedemann Pulvermüller"}

@article{article129,
author = {Koehne, Judith and Crocker, Matthew W.},
title = {The Interplay of Cross-Situational Word Learning and Sentence-Level Constraints},
journal = {Cognitive Science},
volume = {39},
number = {5},
pages = {849-889},
keywords = {Interaction of word-learning mechanisms, Statistical word learning, Sentential cues, Visual world paradigm},
doi = {10.1111/cogs.12178},
url = {https://onlinelibrary.wiley.com/doi/abs/10.1111/cogs.12178},
eprint = {https://onlinelibrary.wiley.com/doi/pdf/10.1111/cogs.12178},
year = {2015}}

@article{article130,
title = "The influence of bilingualism on statistical word learning",
journal = "Cognition",
volume = "152",
pages = "9 - 19",
year = "2016",
issn = "0010-0277",
doi = "https://doi.org/10.1016/j.cognition.2016.03.001",
url = "http://www.sciencedirect.com/science/article/pii/S0010027716300567",
author = "Timothy J. Poepsel and Daniel J. Weiss"}

@article{article131,
title = "Young children’s disambiguation across the senses",
journal = "Cognitive Development",
volume = "35",
pages = "163 - 177",
year = "2015",
issn = "0885-2014",
doi = "https://doi.org/10.1016/j.cogdev.2015.06.001",
url = "http://www.sciencedirect.com/science/article/pii/S0885201415000192",
author = "Jenna L. Wall and William E. Merriman and Jason Scofield"}

@article{article132,
  author = {Brenden M. Lake and Tal Linzen and Marco Baroni},
  title     = {Human few-shot learning of compositional instructions},
  journal   = {CoRR},
  volume    = {abs/1901.04587},
  year      = {2019},
  url       = {http://arxiv.org/abs/1901.04587},
  archivePrefix = {arXiv},
  eprint    = {1901.04587},
  timestamp = {Fri, 01 Feb 2019 13:39:59 +0100},
  biburl    = {https://dblp.org/rec/bib/journals/corr/abs-1901-04587},
  bibsource = {dblp computer science bibliography, https://dblp.org}}

@incollection{article133,
title = "Chapter 14 - Relations Between Language and Thought: Individuation and the Count/Mass Distinction",
editor = "Henri Cohen and Claire Lefebvre",
booktitle = "Handbook of Categorization in Cognitive Science (Second Edition)",
publisher = "Elsevier",
edition = "Second Edition",
address = "San Diego",
pages = "353 - 376",
year = "2017",
isbn = "978-0-08-101107-2",
doi = "https://doi.org/10.1016/B978-0-08-101107-2.00015-4",
url = "http://www.sciencedirect.com/science/article/pii/B9780081011072000154",
author = "Anna Papafragou"}  

@inproceedings{article134,
  title = {Sparse incremental learning for interactive robot control policy estimation},
  booktitle = {Proc.\ IEEE International Conference on Robotics and Automation},
  address = {Pasadena, California, USA},
  year = {2008},
  doi = {10.1109/ROBOT.2008.4543716},
  author = {Daniel H. Grollman and Odest Chadwicke Jenkins}}

@article{article135,
author = {Calinon, Sylvain and Billard, Aude},
year = {2007},
month = {01},
title = {What is the Teacher's Role in Robot Programming by Demonstration? - Toward Benchmarks for Improved Learning},
volume = {8},
issue = {3},
journal = {Journal of Interaction Studies},
doi = {10.1075/is.8.3.08cal},
editor = {K. Dautenhahn},
publisher = {John Benjamins Publishing}}

@article{article136,
title = "Teachable robots: Understanding human teaching behavior to build more effective robot learners",
journal = "Artificial Intelligence",
volume = "172",
number = "6",
pages = "716 - 737",
year = "2008",
issn = "0004-3702",
doi = "https://doi.org/10.1016/j.artint.2007.09.009",
url = "http://www.sciencedirect.com/science/article/pii/S000437020700135X",
author = "Andrea L. Thomaz and Cynthia Breazeal"}

@article{article137,
title = "Multimodal integration learning of robot behavior using deep neural networks",
journal = "Robotics and Autonomous Systems",
volume = "62",
number = "6",
pages = "721 - 736",
year = "2014",
issn = "0921-8890",
doi = "https://doi.org/10.1016/j.robot.2014.03.003",
url = "http://www.sciencedirect.com/science/article/pii/S0921889014000396",
author = "Kuniaki Noda and Hiroaki Arie and Yuki Suga and Tetsuya Ogata"}

@article{article138,
title = "A review of verbal and non-verbal human–robot interactive communication",
journal = "Robotics and Autonomous Systems",
volume = "63",
pages = "22 - 35",
year = "2015",
issn = "0921-8890",
doi = "https://doi.org/10.1016/j.robot.2014.09.031",
url = "http://www.sciencedirect.com/science/article/pii/S0921889014002164",
author = "Nikolaos Mavridis"}

@article{article139,
title = "Eliciting good teaching from humans for machine learners",
journal = "Artificial Intelligence",
volume = "217",
pages = "198 - 215",
year = "2014",
issn = "0004-3702",
doi = "https://doi.org/10.1016/j.artint.2014.08.005",
url = "http://www.sciencedirect.com/science/article/pii/S0004370214001143",
author = "Maya Cakmak and Andrea L. Thomaz"}

@article{article140,
title = "Teaching Assembly by Demonstration Using Advanced Human Robot Interaction and a Knowledge Integration Framework",
journal = "Procedia Manufacturing",
volume = "11",
pages = "164 - 173",
year = "2017",
note = "27th International Conference on Flexible Automation and Intelligent Manufacturing, FAIM2017, 27-30 June 2017, Modena, Italy",
issn = "2351-9789",
doi = "https://doi.org/10.1016/j.promfg.2017.07.221",
url = "http://www.sciencedirect.com/science/article/pii/S2351978917304298",
author = "Mathias Haage and Grigoris Piperagkas and Christos Papadopoulos and Ioannis Mariolis and Jacek Malec and Yasemin Bekiroglu and Mikael Hedelind and Dimitrios Tzovaras"}

@inproceedings{article141,
author = {Lee Isbell Jr, Charles and Shelton, Christian and J. Kearns, Michael and Singh, Satinder and Stone, Peter},
year = {2001},
month = {01},
pages = {377-384},
title = {A Social Reinforcement Learning Agent},
doi = {10.1145/375735.376334},
booktitle = {Proceedings of The 5th International Conference on Autonomous Agents}}

@BOOK {article142,
ADDRESS="London",
AUTHOR="Jean Piaget",
PUBLISHER="Routledge",
TITLE="Play, dreams and imitation in childhood",
YEAR="1999",
isbn="0415210054-9780415210058",
series="Developmental Psychology"}

@inproceedings{article143,
author = {Maclin, Richard and Shavlik, Jude W. and Torrey, Lisa and Walker, Trevor and Wild, Edward W.},
year = {2005},
month = {01},
pages = {819-824},
title = {Giving Advice about Preferred Actions to Reinforcement Learners Via Knowledge-Based Kernel Regression},
booktitle = {The 20th National Conference on Artificial Intelligence and The 17th Innovative Applications of Artificial Intelligence Conference},
address = {Pittsburgh, Pennsylvania, USA}}

@article{article144,
author = {Oudeyer, Pierre-Yves and Kaplan, Frederic and Hafner, Verena},
year = {2007},
month = {05},
pages = {265 - 286},
title = {Intrinsic Motivation Systems for Autonomous Mental Development},
volume = {11},
journal = {Evolutionary Computation, IEEE Transactions on},
doi = {10.1109/TEVC.2006.890271}}

@inproceedings{article145,
author = {Chandrashekhariah, P. and Spina, Gabriele and Triesch, Jochen},
year = {2013},
month = {02},
title = {Let it Learn: A Curious Vision System for Autonomus Object Learning},
publisher = {Signal Processing Systems, Signal processing for communications},
booktitle = {8th International Conference on Computer Vision Theory and Applications}}

@inproceedings{article146,
  TITLE = {{An experimental comparison between NMF and LDA for active cross-situational object-word learning}},
  AUTHOR = {Chen, Yuxin and Bordes, Jean-Baptiste and Filliat, David},
  URL = {https://hal.archives-ouvertes.fr/hal-01370853},
  BOOKTITLE = {{Sixth Joint IEEE International Conference Developmental Learning and Epigenetic Robotics (ICDL-EPIROB)}},
  ADDRESS = {Cergy-Pontoise, France},
  YEAR = {2016},
  MONTH = Sep,
  PDF = {https://hal.archives-ouvertes.fr/hal-01370853/file/Chen_ICDL16_final.pdf},
  HAL_ID = {hal-01370853},
  HAL_VERSION = {v1}}

@ARTICLE{article147,
AUTHOR={Rankin, Michelle and McCormack, Teresa},   
TITLE={The temporal priority principle: at what age does this develop?},      
JOURNAL={Frontiers in Psychology},      
VOLUME={4},      
PAGES={178},     
YEAR={2013},      
URL={https://www.frontiersin.org/article/10.3389/fpsyg.2013.00178},       
DOI={10.3389/fpsyg.2013.00178},      
ISSN={1664-1078}}

@INPROCEEDINGS{article148,
    author = {George Kachergis and Chen Yu and Richard M. Shiffrin},
    title = {Temporal contiguity in cross-situational statistical learning},
    booktitle = {Proceedings of 31st Annual Meeting of the Cognitive Science Society},
    year = {2009},
    address = {Austin, TX, USA},
    pages = {1704–1709}
}

@INPROCEEDINGS{article149,
    author = {Michael C. Frank and  Noah D. Goodman, and Joshua B. Tenenbaum},
    title = {A Bayesian Framework for Cross-Situational Word-Learning},
    booktitle = {Advances in Neural Information Processing Systems (NIPS 2007)},
    year = {2007},
    address = {Vancouver, British Columbia, Canada},
    pages = {1704–1709},
    month = {12},
    publisher = {Neural Information Processing Systems Foundation},
    volume = {20},
    url = { https://papers.nips.cc/paper/3165-a-bayesian-framework-for-cross-situational-word-learning}
}

@article{article150,
	doi = {10.1016/j.cub.2018.02.042},
	url = {https://doi.org/10.1016/j.cub.2018.02.042},
	year = {2018},
	month = {apr},
	publisher = {Elsevier {BV}},
	volume = {28},
	number = {7},
	pages = {1132--1136.e5},
	author = {Sam C. Berens and Jessica S. Horst and Chris M. Bird},
	title = {Cross-Situational Learning Is Supported by Propose-but-Verify Hypothesis Testing},
	journal = {Current Biology}
}

@article{article151,
	doi = {10.3389/fnbeh.2013.00163},
	url = {https://doi.org/10.3389/fnbeh.2013.00163},
	year = {2013},
	publisher = {Frontiers Media {SA}},
	volume = {7},
	author = {Paulo F. C. Tilles and Jos{\'{e}} F. Fontanari},
	title = {Reinforcement and inference in cross-situational word learning},
	journal = {Frontiers in Behavioral Neuroscience}
}

@article{article152,
	doi = {0.1075/is.17.1.05two},
	url = {http://sro.sussex.ac.uk/60013/},
	year = {2016},
	publisher = {John Benjamin},
	volume = {17},
	number = {1},
	pages = {101-127},
	author = {Katherine E. Twomey and Anthony F. Morse and Angelo Cangelosi and Jessica S. Horst},
	title = {Children’s referent selection and word learning: Insights from a developmental robotic system},
	journal = {Interaction Studies}
}

@article{article153,
title = "The symbol grounding problem",
journal = "Physica D: Nonlinear Phenomena",
volume = "42",
number = "1",
pages = "335 - 346",
year = "1990",
issn = "0167-2789",
doi = "https://doi.org/10.1016/0167-2789(90)90087-6",
url = "http://www.sciencedirect.com/science/article/pii/0167278990900876",
author = "Stevan Harnad"
}

@article{article154,
title = "Evolving grounded communication for robots",
journal = "Trends in Cognitive Sciences",
volume = "7",
number = "7",
pages = "308 - 312",
year = "2003",
issn = "1364-6613",
doi = "https://doi.org/10.1016/S1364-6613(03)00129-3",
url = "http://www.sciencedirect.com/science/article/pii/S1364661303001293",
author = "Luc Steels"
}

@INPROCEEDINGS{article155,
    author = {Stephen David Larson},
    title = {Intrinsic Representation: Bootstrapping Symbols from Experience},
    booktitle = {Canadian AI 2004, LNAI 3060},
    editor = {A. Y. Tawfik and S.D. Goodwin}
    year = {2004},
    pages = {202-216}
}

@article{article156,
author = {Yu, Chen and Smith, Linda and Pereira, Alfredo},
year = {2012},
month = {04},
pages = {},
title = {Grounding word learning in multimodal sensorimotor interaction},
journal = {Proceedings of the 30th Annual Conference of the Cognitive Science Society}
}

@ARTICLE{article157,
author={M. H. {Bhuyan} and D. K. {Bhattacharyya} and J. K. {Kalita}},
journal={IEEE Communications Surveys Tutorials},
title={Network Anomaly Detection: Methods, Systems and Tools},
year={2014},
volume={16},
number={1},
pages={303-336},
keywords={computer network security;Internet;network anomaly detection;network intrusion detection methods;network intrusion detection systems;network defenders;Intrusion detection;Computers;Computational modeling;Computer architecture;Monitoring;Sun;Anomaly detection;NIDS;attack;dataset;intrusion detection;classifier;tools},
doi={10.1109/SURV.2013.052213.00046},
month={First}}

@inproceedings{article158,
 author = {Sharifi, Beaux and Hutton, Mark-Anthony and Kalita, Jugal},
 title = {Summarizing Microblogs Automatically},
 booktitle = {Human Language Technologies: The 2010 Annual Conference of the North American Chapter of the Association for Computational Linguistics},
 series = {HLT '10},
 year = {2010},
 isbn = {1-932432-65-5},
 location = {Los Angeles, California},
 pages = {685--688},
 numpages = {4},
 url = {http://dl.acm.org/citation.cfm?id=1857999.1858099},
 acmid = {1858099},
 publisher = {Association for Computational Linguistics},
 address = {Stroudsburg, PA, USA}} 

@inproceedings{article159,
 author = {Kaufmann, Max and Kalita, Jugal},
 title = {Syntactic normalization of twitter messages},
 booktitle = {International conference on natural language processing},
 year = {2010},
month = {01},
 location = {Kharagpur, India},
 address = {Kharagpur, India}} 

@INPROCEEDINGS{article160,
author={D. {Inouye} and J. K. {Kalita}},
booktitle={2011 IEEE Third International Conference on Privacy, Security, Risk and Trust and 2011 IEEE Third International Conference on Social Computing},
title={Comparing Twitter Summarization Algorithms for Multiple Post Summaries},
year={2011},
pages={298-306},
keywords={social networking (online);Twitter summarization algorithm;sheer volume;microlog site;extractive summarization;microlog post;manually produced summaries;summarization system;Twitter post;Clustering algorithms;Manuals;Twitter;Humans;Algorithm design and analysis;Measurement;Context},
doi={10.1109/PASSAT/SocialCom.2011.31},
month={Oct}}

@article{article161,
author = {Gogoi, Prasanta and Bhattacharyya, Dhruba K and Borah, Bhogeswar and Kalita, Jugal},
year = {2011},
month = {03},
pages = {570-588},
title = {A Survey of Outlier Detection Methods in Network Anomaly Identification},
volume = {54},
journal = {Comput. J.},
doi = {10.1093/comjnl/bxr026}}

@article{article162,
  title={Probability models for open set recognition},
  author={Scheirer, Walter J and Jain, Lalit P and Boult, Terrance E},
  journal={IEEE transactions on pattern analysis and machine intelligence},
  volume={36},
  number={11},
  pages={2317--2324},
  year={2014},
  publisher={IEEE}}

@article{article163,
  title={The extreme value machine},
  author={Rudd, Ethan M and Jain, Lalit P and Scheirer, Walter J and Boult, Terrance E},
  journal={IEEE transactions on pattern analysis and machine intelligence},
  volume={40},
  number={3},
  pages={762--768},
  year={2017},
  publisher={IEEE}}

@article{article164,
  title={2014 Index IEEE Transactions on Pattern Analysis and Machine Intelligence Vol. 36},
  author={Abiantun, R and Ahuja, N and Aissani, A and Ait-Mohand, K and Aizawa, K and Akata, Zeynep and Akbas, E and Alahi, A and Almazan, J and Alvarez, Luis and others},
  journal={IEEE Transactions on Pattern Analysis and Machine Intelligence},
  volume={37},
  number={1},
  pages={209},
  year={2015}}

@article{article165,
  title={Learning Inductive Biases with Simple Neural Networks},
  author={Reuben Feinman and Brenden M. Lake},
  journal={ArXiv},
  year={2018},
  volume={abs/1802.02745}}  

@incollection{article166,
title = {Toddler-Inspired Visual Object Learning},
author = {Bambach, Sven and Crandall, David and Smith, Linda and Yu, Chen},
booktitle = {Advances in Neural Information Processing Systems 31},
editor = {S. Bengio and H. Wallach and H. Larochelle and K. Grauman and N. Cesa-Bianchi and R. Garnett},
pages = {1201--1210},
year = {2018},
publisher = {Curran Associates, Inc.},
url = {http://papers.nips.cc/paper/7396-toddler-inspired-visual-object-learning.pdf}}

@inproceedings{article167,
  title={Language Models are Unsupervised Multitask Learners},
  author={Alec Radford and Jeffrey Wu and Rewon Child and David Luan and Dario Amodei and Ilya Sutskever},
  year={2019}}

@inproceedings{artilce168,
author = {Nematzadeh, Aida and Futrell, Richard and Levy, Roger},
year = {2019},
month = {01},
pages = {19-21},
title = {Language Learning and Processing in People and Machines},
doi = {10.18653/v1/N19-5005}}





